<record><leader>00000cas a22000007a 4500</leader><controlfield tag="001">13201870</controlfield><controlfield tag="008">860226c18939999wvuwr ne      0    0eng d</controlfield><datafield ind1=" " ind2=" " tag="010"><subfield code="a">sn 86092290 </subfield></datafield><datafield ind1=" " ind2=" " tag="040"><subfield code="a">WVC</subfield><subfield code="b">eng</subfield><subfield code="c">WVC</subfield><subfield code="d">OCL</subfield><subfield code="d">OCLCQ</subfield></datafield><datafield ind1=" " ind2=" " tag="042"><subfield code="a">msc</subfield></datafield><datafield ind1="0" ind2="4" tag="245"><subfield code="a">The Pennsboro news.</subfield></datafield><datafield ind1=" " ind2=" " tag="260"><subfield code="a">Pennsboro, W. Va. :</subfield><subfield code="b">D.A. Fawcett</subfield></datafield><datafield ind1=" " ind2=" " tag="300"><subfield code="a">v.</subfield></datafield><datafield ind1=" " ind2=" " tag="310"><subfield code="a">Weekly</subfield></datafield><datafield ind1="1" ind2=" " tag="362"><subfield code="a">Began in 1893?</subfield></datafield><datafield ind1=" " ind2=" " tag="500"><subfield code="a">Publishers: E.E. Smith, 1893-1899?; D.A. Fawcett, 1899?-1901; J.A. Wooddell, 1901?-1915; Gordon Fought, 1915-1923; Vesta Lee and George C. Connell, 1924-1946; Murphy, Heflin, Wilson, Michels, 1946-1965; Nathan &amp; Irene Doll, 1965-1977; Roy &amp; Helen Owen, 1977-</subfield></datafield><datafield ind1=" " ind2=" " tag="515"><subfield code="a">"Publication suspended temporarily due to fire in 1906." Cf. Lowther, M.K. Hist. of Ritchie Co.</subfield></datafield><datafield ind1=" " ind2=" " tag="580"><subfield code="a">Preceded by: Lever (non-extant).</subfield></datafield><datafield ind1=" " ind2=" " tag="588"><subfield code="a">Description based on: Vol. 5, no. 24 (Aug. 11, 1898).</subfield></datafield><datafield ind1=" " ind2=" " tag="752"><subfield code="a">United States</subfield><subfield code="b">West Virginia</subfield><subfield code="c">Ritchie</subfield><subfield code="d">Pennsboro.</subfield></datafield><datafield ind1="0" ind2=" " tag="770"><subfield code="t">Illustrated Industrial Edition of Ritchie Co., 1905</subfield></datafield><datafield ind1="1" ind2="0" tag="780"><subfield code="t">Lever</subfield></datafield></record>